=LDR  00782cam  2200181   45 0
=008  071208s1867\\\\enk\\\\\\\\\\\000\0\eng\u
=082  14$a746.43204109034
=100  1\$aRiego de la Branchardiere,$cMlle.
=245  10$aThe Abergeldie winter book /$cby Mlle. Riego de la Branchardiere.
=260  \\$aLondon :$bSimpkin, Marshall and co.,$c1867.
=300  \\$a28 p. :$bill. ;$c12 x 16 cm.
=509  \\$aAlso available as an e-book: full text available when logged into Webcat.
=590  00$aRutt
=590  00$aManuals
=696  00$aKNITTING  - PATTERNS - 19TH CENTURY - TEXTILE DESIGN
=856  4\$uhttp://pdf.library.soton.ac.uk/WSA_open_access/00376326.pdf$zAccess to the knitting manual.
=596  \\$a5
=999  \\$aKRL 746.43204109034 RIE$wDEWEY$c1$i00376326$lKRL$mWSA$rN$sY$tREF-ONLY$u8/12/2007$xPRINT

