=LDR  00814cam  2200181   45 0
=008  071208s1847\\\\enk\\\\\\\\\\\000\0\eng\u
=082  14$a746.43204109034
=100  1\$aSavage,$cMrs.
=245  14$aThe Winchester fancy needlework instructor and manual of the fashionable and elegant accomplishment of knitting and crochet /$cby Mrs Savage.
=260  \\$aWinchester :$bW. Savage,$c[1847]
=300  \\$a135 p. ;$c14 cm.
=509  \\$aAlso available as an e-book: full text available when logged into Webcat.
=590  00$aRutt
=590  00$aManuals
=696  00$aKNITTING - PATTERNS - 19TH CENTURY - TEXTILE DESIGN
=856  4\$uhttp://pdf.library.soton.ac.uk/WSA_open_access/00376327.pdf$zAccess to the knitting manual.
=596  \\$a5
=999  \\$aKRL 746.43204109034 SAV$wDEWEY$c1$i00376327$lKRL$mWSA$rN$sY$tREF-ONLY$u8/12/2007$xPRINT

