=LDR  00791cam  2200181   45 0
=008  071208s1843\\\\enk\\\\\\\\\\\000\0\eng\u
=082  14$a746.43204109034
=100  1\$aGaugain,$cMrs.
=245  10$aMrs Gaugain's minature knitting netting and crochet book /$cMrs Gaugain.
=260  \\$aEdinburgh :$bI. J. Gaugain ;$aLondon ;$bAckermann and co.,$c[1843]
=300  \\$a76 p. :$bill. ;$c7 x 11 cm.
=509  \\$aAlso available as an e-book: full text available when logged into Webcat.
=590  00$aRutt
=590  00$aManuals
=696  00$aKNITTING - PATTERNS - 19TH CENTURY - TEXTILE DESIGN
=856  4\$uhttp://pdf.library.soton.ac.uk/WSA_open_access/00376328.pdf$zAccess to the knitting manual.
=596  \\$a5
=999  \\$aKRL 746.43204109034 GAU$wDEWEY$c1$i00376328$lKRL$mWSA$rN$sY$tREF-ONLY$u8/12/2007$xPRINT

