=LDR  00708cam  2200169   45 0
=008  071208s1881\\\\enk\\\\\\\\\\\000\0\eng\u
=082  14$a746.432
=245  04$aThe knitting teacher's assistant :$bdesigned for the use of national girls' schools /$bedited by E. M. C.
=260  \\$aLondon :$bHatchards,$c1881.
=300  \\$a31 p. ;$c14 cm.
=509  \\$aAlso available as an e-book: full text available when logged into Webcat.
=590  00$aRutt
=590  00$aManuals
=696  00$aKNITTING - STOCKINGS - TECHNIQUES
=856  4\$uhttp://pdf.library.soton.ac.uk/WSA_open_access/00376329.pdf$zAccess to the knitting manual.
=596  \\$a5
=999  \\$aKRL 746.432 KNI$wDEWEY$c1$i00376329$lKRL$mWSA$rN$sY$tREF-ONLY$u8/12/2007$xPRINT

