=LDR  00708cam  2200169   45 0
=008  071212s1900\\\\enk\\\\\\\\\\\000\0\eng\u
=082  14$a746043204109034
=245  04$aThe book of "hows" or what may be done with wools in every home :$blearning to knit /$cedited by Miss Loch.
=260  \\$aHalifax :$bBaldwin & Walker,$c[1900]
=300  \\$a67 p. :$bill. ;$c22 cm.
=590  00$aRutt
=590  00$aManuals
=696  00$aKNITTING - PATTERNS - 1900 - 19TH CENTURY - TEXTILE DESIGN
=700  1\$aLoch,$cMiss.
=856  40$uhttp://pdf.library.soton.ac.uk/WSA_open_access/00376332.pdf$zAccess to the knitting manual.
=596  \\$a5
=999  \\$aKRL 746.43204109034 LOC$wDEWEY$c1$i00376332$lKRL$mWSA$rN$sY$tREF-ONLY$u12/12/2007$xPRINT

