=LDR  00703cam  2200181   45 0
=008  071212s1838\\\\enk\\\\\\\\\\\000\0\eng\u
=082  14$a746.43201409034
=245  04$aThe ladies' knitting and netting book.
=250  \\$a2nd ed.
=260  \\$aLondon :$bJohn Miland,$c1838.
=300  \\$a112 p. ;$c17 cm.
=509  \\$aAlso available as an e-book: full text available when logged into Webcat.
=590  00$aRutt
=590  00$aManuals
=696  00$aKNITTING - PATTERNS - 19TH CENTURY - TEXTILE DESIGN
=856  4\$uhttp://pdf.library.soton.ac.uk/WSA_open_access/00376333.pdf$zAccess to the knitting manual.
=596  \\$a5
=999  \\$aKRL 746.43204109034 LAD$wDEWEY$c1$i00376333$lKRL$mWSA$rN$sY$tREF-ONLY$u12/12/2007$xPRINT

