=LDR  00740cam  2200169   45 0
=008  071212s1876\\\\stk\\\\\\\\\\\000\0\eng\u
=082  14$a746.43204109034
=245  04$aThe home knitter :$ba manual for making useful articles for the family /$cby a lady.
=260  \\$aEdinburgh :$bJohnstone, Hunter & co.,$c[1876]
=300  \\$a32 p. ;$c17 cm.
=509  \\$aAlso available as an e-book: full text available when logged into Webcat.
=590  00$aRutt
=590  00$aManuals
=696  00$aKNITTING - PATTERNS - 19TH CENTURY - TEXTILE DESIGN
=856  4\$uhttp://pdf.library.soton.ac.uk/WSA_open_access/00376334.pdf$zAccess to the knitting manual.
=596  \\$a5
=999  \\$aKRL 746.43204109034 LAD$wDEWEY$c1$i00376334$lKRL$mWSA$rN$sY$tREF-ONLY$u12/12/2007$xPRINT

