=LDR  00736cam  2200181   45 0
=008  071212s1890\\\\enk\\\\\\\\\\\000\0\eng\u
=082  14$a746.43204109034
=100  1\$aElliott, M.
=245  14$aThe book of hats and caps /$cM. Elliot.
=260  \\$aLondon :$bFaudel, Phillips & Sons,$c[1890].
=300  \\$a37 p. :$bill. ;$c14 cm.
=509  \\$aAlso available as an e-book: full text available when logged into Webcat.
=590  00$aRutt
=590  00$aManuals
=696  00$aKNITTING - PATTERNS - HATS - 19TH CENTURY - TEXTILE DESIGN
=856  4\$uhttp://pdf.library.soton.ac.uk/WSA_open_access/00376336.pdf$zAccess to the knitting manual.
=596  \\$a5
=999  \\$aKRL 746.43204109034 ELL$wDEWEY$c1$i00376336$lKRL$mWSA$rN$sY$tREF-ONLY$u12/12/2007$xPRINT

