=LDR  01168cam  2200181   45 0
=008  071212s1856\\\\enk\\\\\\\\\\\000\0\eng\u
=082  14$a746.43204109034
=245  04$aThe industrial handbook containing plain instructions in needlework and knitting together with directions for the cutting out of all useful garments :$bto which are added some rules and receipts for ornamental needle-work patch-work and worsted-work fancy knitting and crochet : adapted to the use of mothers of families schoolmistresses and matrons of emigrant ships.$npart II,$pknitting /$cedited by the authoress of The young emigrant &c.
=260  \\$aLondon :$bThe Society for Promoting Christian Knowledge,$c1856.
=300  \\$a39 p. :$bill. ;$c18 cm.
=509  \\$aAlso available as an e-book: full text available when logged into Webcat.
=590  00$aRutt
=590  00$aManuals
=696  00$aKNITTING - PATTERNS - 19TH CENTURY - TEXTILE DESIGN
=696  00$aNEEDLE WORK - TEXTILE DESIGN
=856  4\$uhttp://pdf.library.soton.ac.uk/WSA_open_access/00376337.pdf$zAccess to the knitting manual.
=596  \\$a5
=999  \\$aKRL 746.43204109034 IND$wDEWEY$c1$i00376337$lKRL$mWSA$rN$sY$tREF-ONLY$u12/12/2007$xPRINT

