=LDR  00635cam  2200169   45 0
=008  071212s1846\\\\enk\\\\\\\\\\\000\0\eng\u
=082  14$a746.226
=100  1\$aBaynes, G. J,$cMrs.
=245  14$aThe knitted lace collar receipt book /$cMrs J. G. Baynes.
=260  \\$aLondon :$bSimpkin, Marshall and Co.,$c[1846]
=300  \\$a24 p. :$bill. ;$c12 cm.
=590  00$aRutt
=590  00$aManuals
=696  00$aKNITTED LACE - LACE - TEXTILE DESIGN
=856  40$uhttp://pdf.library.soton.ac.uk/WSA_open_access/00376338.pdf$zAccess to the knitting manual.
=596  \\$a5
=999  \\$aKRL 746.226 BAY$wDEWEY$c1$i00376338$lKRL$mWSA$rN$sY$tREF-ONLY$u12/12/2007$xPRINT

