=LDR  00965cam  2200217   45 0
=008  071212s1847\\\\enk\\\\\\\\\\\000\0\eng\u
=082  14$a746.43204109034
=100  1\$aHope,$cMrs.
=245  14$aThe knitter's casket :$ba series of receipts in ornamental knitting and netting /$cby Mrs Hope.
=250  \\$aCorrected ed.
=260  \\$aRamsgate :$bI. Hope,$c1847.
=300  \\$a79 p. :$bill. ;$c13 cm.
=500  \\$aCover title: The knitter's casket, a new series of receipts in knitting & netting.
=509  \\$aAlso available as an e-book: full text available when logged into Webcat.
=590  00$aRutt
=590  00$aManuals
=696  00$aKNITTING - PATTERNS - 19TH CENTURY - TEXTILE DESIGN
=696  00$aNETTING - PATTERNS - 19TH CENTURY - TEXTILE DESIGN
=856  4\$uhttp://pdf.library.soton.ac.uk/WSA_open_access/00376339.pdf$zAccess to the knitting manual.
=596  \\$a5
=999  \\$aKRL 746.43204109034 HOP$wDEWEY$c1$i00376339$lKRL$mWSA$rN$sY$tREF-ONLY$u12/12/2007$xPRINT

