=LDR  00735cam  2200193   45 0
=008  071212s1845\\\\enk\\\\\\\\\\\000\0\eng\u
=082  14$a746.43204109034
=100  1\$aLambert, $cMiss.
=245  10$aMy knitting book /$cby Miss Lambert.
=250  \\$a12th ed.
=260  \\$aLondon :$bJohn Murray,$c1845.
=300  \\$a108 p. ;$c16 cm.
=509  \\$aAlso available as an e-book: full text available when logged into Webcat.
=590  00$aRutt
=590  00$aManuals
=696  00$aKNITTING - PATTERNS - 19TH CENTURY - TEXTILE DESIGN
=856  4\$uhttp://pdf.library.soton.ac.uk/WSA_open_access/00376340.pdf$zAccess to the knitting manual.
=596  \\$a5
=999  \\$aKRL 746.43204109034 LAM$wDEWEY$c1$i00376340$lKRL$mWSA$rN$sY$tREF-ONLY$u12/12/2007$xPRINT

