=LDR  00823cam  2200205   45 0
=008  071212s1860\\\\enk\\\\\\\\\\\000\0\eng\u
=082  14$a746.43204109034
=100  1\$aMee,$cMrs.
=245  10$aManual of knitting :$bbeautifully illustrated /$cby Mrs Mee & Miss Austin.
=260  \\$aLondon :$bSimpkin, Marshall & Co.,$c[1860].
=300  \\$a16 p. :$bill. ;$c12 cm.
=500  \\$aCover title.
=509  \\$aAlso available as an e-book: full text available when logged into Webcat.
=590  00$aRutt
=590  00$aManuals
=696  00$aKNITTING - PATTERNS - 19TH CENTURY - TEXTILE DESIGN
=700  1\$aAustin,$cMiss.
=856  4\$uhttp://pdf.library.soton.ac.uk/WSA_open_access/00376341.pdf$zAccess to the knitting manual.
=596  \\$a5
=999  \\$aKRL 746.43204109034 MEE$wDEWEY$c1$i00376341$lKRL$mWSA$rN$sY$tREF-ONLY$u12/12/2007$xPRINT

