=LDR  00895ckm  2200193   4500
=008  071213s1876\\\\enk\\\\\\\\\\\000\0\eng\u
=082  14$a746.43204109034
=100  1\$aRyder, E.$cMiss.
=245  10$aHow to knit spun silk socks & stockings :$bwith full and simple directions by which persons may teach themselves /$cby Miss E. Ryder.
=260  \\$aRichmond [Yorkshire] :$bHenry Hurworth,$c[1876]
=300  \\$a[sleeve containing 4 cards] ;$c16 cm.
=500  \\$aCover title.
=509  \\$aAlso available as an e-book: full text available when logged into Webcat.
=590  00$aRutt
=590  00$aManuals
=696  00$aKNITTING - PATTERNS - SOCKS - STOCKINGS - 19TH CENTURY - TEXTILE DESIGN
=856  4\$uhttp://pdf.library.soton.ac.uk/WSA_open_access/00376343.pdf$zAccess to the knitting manual.
=596  \\$a5
=999  \\$aKRL 746.43204109034 RYD$wDEWEY$c1$i00376343$lKRL$mWSA$rN$sY$tREF-ONLY$u13/12/2007$xPRINT

