=LDR  00896cam  2200181   45 0
=008  080122s1850\\\\enk\\\\\\\\\\\000\0\eng\u
=082  14$a746.409034
=245  04$aThe ladies' work-table book; containing clear and practical instructions in plain and fancy needle-work, embroidery, knitting, netting, crochet, tatting, &c., &c. :$bwith numerous engravings, illustrative of the various stitches in those useful and fashionable employments.
=250  \\$a3rd ed.
=260  \\$aLondon :$bGeorge Slater,$c1850.
=300  \\$a218 p. :$bill. ;$c17 cm.
=590  00$aRutt
=590  00$aManuals
=696  00$aNEEDLE WORK - 19TH CENTURY - TEXTILE DESIGN
=696  00$aKNITTING - 19TH CENTURY - TEXTILE DESIGN
=856  40$uhttp://pdf.library.soton.ac.uk/WSA_open_access/00376344.pdf$zAccess to the knitting manual.
=596  \\$a5
=999  \\$aKRL 746.409034 LAD$wDEWEY$c1$i00376344$lKRL$mWSA$rN$sY$tREF-ONLY$u22/1/2008$xPRINT

