=LDR  01045cam  2200205   45 0
=008  080122s1842\\\\enk\\\\\\\\\\\000\0\eng\u
=082  14$a746.4304109034
=100  1\$aGaugain,$cMrs.
=245  14$aThe lady's assistant in knitting, netting, and crochet work; with an appendix containing directions and remarks for working in embroidery or worsted work, raised cut work, tatting, &c. :$billustrated by upwards of forty coloured designs. /$cby Mrs Gaugain.
=260  \\$aLondon :$bAckermann & co.,$c1842.
=300  \\$a422 p. :$bcol. ill. ;$c11 x 17 cm.
=500  \\$aSecond volume.
=509  \\$aAlso available as an e-book: full text available when logged into Webcat.
=590  00$aRutt
=590  00$aManuals
=696  00$aKNITTING - PATTERNS - 19TH CENTURY - TEXTILE DESIGN
=696  00$aCROCHET - PATTERNS - 19TH CENTURY - TEXTILE DESIGN
=856  4\$uhttp://pdf.library.soton.ac.uk/WSA_open_access/00376346.pdf$zAccess to the knitting manual.
=596  \\$a5
=999  \\$aKRL 746.4304109034 GAU$wDEWEY$c1$i00376346$lKRL$mWSA$rN$sY$tREF-ONLY$u22/1/2008$xPRINT

