=LDR  00750cam  2200181   45 0
=008  080122s1846\\\\enk\\\\\\\\\\\000\0\eng\u
=082  14$a746.4309034
=100  1\$aRiego De La Branchardiere,$cMlle.
=245  10$aKnitting, crochet and netting, with twelve illustrations. /$cMlle. Riego De La Branchardiere.
=260  \\$aLondon :$bS. Knights,$c1846.
=300  \\$a93 p. ;$c18 cm.
=590  00$aRutt
=590  00$aManuals
=696  00$aKNITTING - PATTERNS - 19TH CENTURY - TEXTILE DESIGN
=696  00$aCROCHET - PATTERNS - 19TH CENTURY - TEXTILE DESIGN
=856  40$uhttp://pdf.library.soton.ac.uk/WSA_open_access/00376347.pdf$zAccess to the knitting manual.
=596  \\$a5
=999  \\$aKRL 746.4309034 RIE$wDEWEY$c1$i00376347$lKRL$mWSA$rN$sY$tREF-ONLY$u22/1/2008$xPRINT

