=LDR  00652cam  2200169   45 0
=008  080122s1906\\\\enk\\\\\\\\\\\000\0\eng\u
=082  14$a746.432
=100  1\$a
=245  10$aPearsall's illustrated handbook for knitting in silks /$cby M. T. and H. T.
=260  \\$aLondon :$bJames Pearsall,$c1906.
=300  \\$a[various pagings] :$bill. ;$c17 cm.
=590  00$aRutt
=590  00$aManuals
=696  00$aKNITTING - PATTERNS - 19TH CENTURY - TEXTILE DESIGN
=856  40$uhttp://pdf.library.soton.ac.uk/WSA_open_access/00376348.pdf$zAccess to the knitting manual.
=596  \\$a5
=999  \\$aKRL 746.4320904 PEA$wDEWEY$c1$i00376348$lKRL$mWSA$rN$sY$tREF-ONLY$u22/1/2008$xPRINT

