=LDR  00724cam  2200181   45 0
=008  080123s1861\\\\enk\\\\\\\\\\\000\0\eng\u
=082  14$a746.43204109034
=100  1\$aRiego De La Branchardiere,$cMlle.
=245  14$aThe Andalusian knitting and netting book /$cby Mlle. Riego de la Branchardiere.
=250  \\$a2nd ed.
=260  \\$aLondon :$bSimpkin, Marshall and Co.,$c1861.
=300  \\$a31 p. :$bill. ;$c12 cm.
=590  00$aRutt
=590  00$aManuals
=696  00$aKNITTING - PATTERNS - 19TH CENTURY - TEXTILE DESIGN
=856  40$uhttp://pdf.library.soton.ac.uk/WSA_open_access/00376352.pdf$zAccess to the knitting manual.
=596  \\$a5
=999  \\$aKRL 746.43204109034 RIE$wDEWEY$c1$i00376352$lKRL$mWSA$rN$sY$tREF-ONLY$u23/1/2008$xPRINT

