=LDR  00794cam  2200181   45 0
=008  080123s1870\\\\enk\\\\\\\\\\\000\0\eng\u
=082  14$a746.43204109034
=100  1\$aCupples, Mrs Geo.
=245  14$aThe stocking-knitter's manual :$ba handy book for the work-table /$cby Mrs George Cupples.
=260  \\$aEdinburgh :$bJohnstone, Hunter and Co.,$c[1870?]
=300  \\$a32 p. ;$c17 cm.
=509  \\$aAlso available as an e-book: full text available when logged into Webcat.
=590  00$aRutt
=590  00$aManuals
=696  00$aKNITTING - PATTERNS - STOCKINGS - 19TH CENTURY - TEXTILE DESIGN
=856  4\$uhttp://pdf.library.soton.ac.uk/WSA_open_access/00393973.pdf$zAccess to the knitting manual.
=596  \\$a5
=999  \\$aKRL 746.43204109034 CUP$wDEWEY$c1$i00393973$lKRL$mWSA$rN$sY$tREF-ONLY$u23/1/2008$xPRINT

