=LDR  00822ckm  2200181   4500
=008  080123s1876\\\\enk\\\\\\\\\\\000\0\eng\u
=082  14$a746.432
=100  1\$aRyder, H. P.,$cMiss.
=245  10$aWinter comforts and how to knit them :$bdirections for knitting gentlemen's hunting mittens and driving gloves, ladies' house mittens and chest protector /$cby Miss H. P. Ryder.
=250  \\$aNew ed.
=260  \\$aRichmond, Yorkshire :$bBellews & Hurworth,$c[1876]
=300  \\$a[sleeve containing 4 cards] ;$c16 cm.
=590  00$aRutt
=590  00$aManuals
=696  00$aKNITTING - PATTERNS - 19TH CENTURY - TEXTILE DESIGN
=856  40$uhttp://pdf.library.soton.ac.uk/WSA_open_access/00393975.pdf$zAccess to the knitting manual.
=596  \\$a5
=999  \\$aKRL 746.43204109034 RYD$wDEWEY$c1$i00393975$lKRL$mWSA$rN$sY$tREF-ONLY$u23/1/2008$xPRINT

