=LDR  00793ckm  2200169   4500
=008  080123s1865\\\\enk\\\\\\\\\\\000\0\eng\u
=082  14$a746.43204109034
=100  1\$aRyder, E.,$cMiss.
=245  10$aHow to knit stockings :$bthis packet contains general rules for knitting stockings, ladies' ribbed stockings, gentlemen's knickerbocker stockings, boys stockings /$cMiss E. Ryder.
=260  \\$aRichmond, Yorkshire :$b[s.n.],$c1865.
=300  \\$a[sleeve containing 4 cards] ;$c15 cm.
=590  00$aRutt
=590  00$aManuals
=696  00$aKNITTING - STOCKINGS - 19TH CENTURY - TEXTILE DESIGN
=856  40$uhttp://pdf.library.soton.ac.uk/WSA_open_access/00393976.pdf$zAccess to the knitting manual.
=596  \\$a5
=999  \\$aKRL 746.43204109034 RYD$wDEWEY$c1$i00393976$lKRL$mWSA$rN$sY$tREF-ONLY$u23/1/2008$xPRINT

