=LDR  00700cam  2200181   45 0
=008  080125s1946\\\\enk\\\\\\\\\\\000\0\eng\u
=082  14$a746.432
=100  1\$aBloom, Ursula.
=245  10$aQuestions answered about knitting /$cUrsula Bloom.
=260  \\$aLondon :$bJordon & Sons,$c1946.
=300  \\$a93 p. :$bill. ;$c14 cm.
=509  \\$aAlso available as an e-book: full text available when logged into Webcat.
=590  00$aRutt
=590  00$aManuals
=696  00$aKNITTING - TECHNIQUES - TEXTILE DSIGN
=856  4\$uhttp://pdf.library.soton.ac.uk/WSA_open_access/00394013.pdf$zAccess to the knitting manual.
=596  \\$a5
=999  \\$aKRL 746.432 BLO$wDEWEY$c1$i00394013$lKRL$mWSA$rN$sY$tREF-ONLY$u25/1/2008$xPRINT

