=LDR  00834cam  2200169   45 0
=008  080125s1914\\\\enk\\\\\\\\\\\000\0\eng\u
=082  14$a646.4
=100  1\$aPeek, Emily.
=245  10$aPractical instruction in cutting out and making up hospital garments for sick and wounded (approved by the Red Cross Society) :$bknitted articles and women's apparel including dressmaking (illustrated with sheets of diagrams drawn to scale for practical use) /$cEmily Peek.
=260  \\$aLondon :$bJohn Bale, Sons & Danielsson,$c1914.
=300  \\$a109 p. :$bill. ;$c18 cm.
=590  00$aRutt
=590  00$aManuals
=696  00$aDRESSMAKING - HOME ECONOMICS
=856  40$uhttp://pdf.library.soton.ac.uk/WSA_open_access/00394014.pdf$zAccess to the knitting manual.
=596  \\$a5
=999  \\$aKRL 646.4 PEE$wDEWEY$c1$i00394014$lKRL$mWSA$rN$sY$tREF-ONLY$u25/1/2008$xPRINT

