=LDR  00627cam  2200169   45 0
=008  080130s1846\\\\enk\\\\\\\\\\\000\0\eng\u
=082  14$a746.43204109034
=100  1\$aMee, Cornelia.
=245  10$aExercises in knitting /$cby Cornelia Mee.
=260  \\$aLondon :$bDavid Bogue,$c1846.
=300  \\$a124 p. ;$c12 x 16 cm.
=590  00$aRutt
=590  00$aManuals
=696  00$aKNITTING - PATTERNS - 19TH CENTURY - TEXTILE DESIGN
=856  40$uhttp://pdf.library.soton.ac.uk/WSA_open_access/00394019.pdf$zAccess to the knitting manual.
=596  \\$a5
=999  \\$aKRL 746.43204109034 MEE$wDEWEY$c1$i00394019$lKRL$mWSA$rN$sY$tREF-ONLY$u30/1/2008$xPRINT

