=LDR  00757cam  2200181   45 0
=008  080130s1844\\\\enk\\\\\\\\\\\000\0\eng\u
=082  14$a746.4304109034
=100  1\$aMee, Cornelia.
=245  10$aMee's companion to the work-table :$bcontaining selections in knitting, netting & crochet work /$cby Cornelia Mee.
=260  \\$aLondon :$bD. Bogue,$c1845.
=300  \\$a128 p. ;$c14 cm.
=590  00$aRutt
=590  00$aManuals
=696  00$aKNITTING - PATTERNS - 19TH CENTURY - TEXTILE DESIGN
=696  00$aCROCHET - PATTERNS - 19TH CENTURY - TEXTILE DESIGN
=856  40$uhttp://pdf.library.soton.ac.uk/WSA_open_access/00394020.pdf$zAccess to the knitting manual.
=596  \\$a5
=999  \\$aKRL 746.4304109034 MEE$wDEWEY$c1$i00394020$lKRL$mWSA$rN$sY$tREF-ONLY$u30/1/2008$xPRINT

