=LDR  00630cam  2200169   45 0
=008  080130s1884\\\\enk\\\\\\\\\\\000\0\eng\u
=082  14$a746.43204109034
=100  1\$aLewis,$cMrs.
=245  10$aWools and how to use them /$cby Mrs Lewis.
=260  \\$aBirmingham :$bJevons and Mellor,$c1884.
=300  \\$a59 p. ;$c17 cm.
=590  00$aRutt
=590  00$aManuals
=696  00$aKNITTING - PATTERNS - 19TH CENTURY - TEXTILE DESIGN
=856  40$uhttp://pdf.library.soton.ac.uk/WSA_open_access/00394022.pdf$zAccess to the knitting manual.
=596  \\$a5
=999  \\$aKRL 746.43204109034 LEW$wDEWEY$c1$i00394022$lKRL$mWSA$rN$sY$tREF-ONLY$u30/1/2008$xPRINT

