=LDR  00782cam  2200181   45 0
=008  080130s1845\\\\enk\\\\\\\\\\\000\0\eng\u
=082  14$a746.4304109034
=100  1\$aJackson, Elizabeth.
=245  14$aThe practical companion to the work-table :$bcontaining directions for knitting, netting & crochet work /$cElizabeth Jackson.
=260  \\$aLondon :$bSimpkin, Marshall,$c1845.
=300  \\$a144 p. ;$c15 cm.
=590  00$aRutt
=590  00$aManuals
=696  00$aKNITTING - PATTERNS - 19TH CENTURY - TEXTILE DESIGN
=696  00$aCROCHET - PATTERNS - 19TH CENTURY - TEXTILE DESIGN
=856  40$uhttp://pdf.library.soton.ac.uk/WSA_open_access/00394023.pdf$zAccess to the knitting manual.
=596  \\$a5
=999  \\$aKRL 746.4304109034 JAC$wDEWEY$c1$i00394023$lKRL$mWSA$rN$sY$tREF-ONLY$u30/1/2008$xPRINT

