=LDR  00900cam  2200193   45 0
=008  080130s1846\\\\enk\\\\\\\\\\\000\0\eng\u
=082  14$a746.4304109034
=100  1\$aGaugain,$cMrs.
=245  14$aThe knitters' friend :$bbeing a selection of receipts for the most useful and saleable articles in knitting, netting and crochet work /$cby Mrs Gaugain.
=260  \\$aLondon :$bJ. Gaugain,$c1846.
=300  \\$a191 p. :$bill. ;$c11 x 17 cm.
=509  \\$aAlso available as an e-book: full text available when logged into Webcat.
=590  00$aRutt
=590  00$aManuals
=696  00$aKNITTING - PATTERNS - 19TH CENTURY - TEXTILE DESIGN
=696  00$aCROCHET - PATTERNS - 19TH CENTURY - TEXTILE DESIGN
=856  4\$uhttp://pdf.library.soton.ac.uk/WSA_open_access/00394024.pdf$zAccess to the knitting manual.
=596  \\$a5
=999  \\$aKRL 746.4304109034 GAU$wDEWEY$c1$i00394024$lKRL$mWSA$rN$sY$tREF-ONLY$u30/1/2008$xPRINT

