=LDR  00955cam  2200193   45 0
=008  080130s1845\\\\enk\\\\\\\\\\\000\0\enk\u
=082  14$a746.4304109034
=100  1\$aGaugain,$cMrs.
=245  14$aThe accompaniment to second volume of Mrs Gaugain's work on knitting, netting and crochet :$billustrating the open patterns and stitches to which are added several elegant and new receipts /$cMrs Gaugain.
=260  \\$aLondon :$bI. J. Gaugain,$c1845.
=300  \\$a[85] p. :$bill. ;$c11 x17 cm.
=509  \\$aAlso available as an e-book: full text available when logged into Webcat.
=590  00$aRutt
=590  00$aManuals
=696  00$aKNITTING - PATTERNS - 19TH CENTURY - TEXTILE DESIGN
=696  00$aCROCHET - PATTERNS - 19TH CENTURY - TEXTILE DESIGN
=856  4\$uhttp://pdf.library.soton.ac.uk/WSA_open_access/00394025.pdf$zAccess to the knitting manual.
=596  \\$a5
=999  \\$aKRL 746.4304109034 GAU$wDEWEY$c1$i00394025$lKRL$mWSA$rN$sY$tREF-ONLY$u30/1/2008$xPRINT

