=LDR  00685cam  2200169   45 0
=008  080130s1911\\\\enk\\\\\\\\\\\000\0\eng\u
=082  14$a746.430410904
=245  04$aThe seventh book of "hows" :$bor how to knit and crochet wools.
=260  \\$aLondon :$bNeedlecraft,$c[1911].
=300  \\$a68 p. :$bill. ;$c23 cm.
=590  00$aRutt
=590  00$aManuals
=696  00$aKNITTING - PATTERNS - 20TH CENTURY - TEXTILE DESIGN
=696  00$aCROCHET - PATTERNS - 20TH CENTURY - TEXTILE DESIGN
=856  40$uhttp://pdf.library.soton.ac.uk/WSA_open_access/00394026.pdf$zAccess to the knitting manual.
=596  \\$a5
=999  \\$aKRL 746.430410904 BOO$wDEWEY$c1$i00394026$lKRL$mWSA$rN$sY$tREF-ONLY$u30/1/2008$xPRINT

