=LDR  00761cam  2200181   45 0
=008  080130s1882\\\\enk\\\\\\\\\\\000\0\eng\u
=082  14$a746.43204109034
=100  1\$aCorbould, Elvina M.
=245  10$aMother's knitter :$bcontaining some patterns of things for little children /$cby E. M. C.
=260  \\$aLondon :$bHachards,$c1882.
=300  \\$a38 p. ;$c13 cm.
=509  \\$aAlso available as an e-book: full text available when logged into Webcat.
=590  00$aRutt
=590  00$aManuals
=696  00$aKNITTING - PATTERNS - 19TH CENTURY - TEXTILE DESIGN
=856  4\$uhttp://pdf.library.soton.ac.uk/WSA_open_access/00394030.pdf$zAccess to the knitting manual.
=596  \\$a5
=999  \\$aKRL 746.43204109034 COR$wDEWEY$c1$i00394030$lKRL$mWSA$rN$sY$tREF-ONLY$u30/1/2008$xPRINT

