=LDR  00791cam  2200169   45 0
=008  080201s1843\\\\enk\\\\\\\\\\\000\0\eng\u
=082  14$a746.4304109034
=245  04$aThe ladies' hand-book of knitting, netting and crochet :$bcontaining plain directions by which to become proficient in those branches of useful and ornamental employment.
=260  \\$aLondon :$bH. G. Clarke,$c1843.
=300  \\$a52 p. :$bill ;$c13 cm.
=590  00$aRutt
=590  00$aManuals
=696  00$aKNITTING - PATTERNS - 19TH CENTURY - TEXTILE DESIGN
=696  00$aCROCHET - PATTERNS - 19TH CENTURY - TEXTILE DESIGN
=856  40$uhttp://pdf.library.soton.ac.uk/WSA_open_access/00394034.pdf$zAccess to the knitting manual.
=596  \\$a5
=999  \\$aKRL 746.4304109034 LAD$wDEWEY$c1$i00394034$lKRL$mWSA$rN$sY$tREF-ONLY$u5/2/2008$xPRINT

