=LDR  00642cam  2200181   45 0
=008  071212s1844\\\\enk\\\\\\\\\\\000\0\eng\u
=082  14$a746.43204109034
=100  1\$aLambert, $cMiss.
=245  10$aMy knitting book /$cby Miss Lambert.
=250  \\$a7th ed.
=260  \\$aLondon :$bJohn Murray,$c1844.
=300  \\$a108 p. ;$c16 cm.
=590  00$aRutt
=590  00$aManuals
=696  00$aKNITTING - PATTERNS - 19TH CENTURY - TEXTILE DESIGN
=856  40$uhttp://pdf.library.soton.ac.uk/WSA_open_access/00394035.pdf$zAccess to the knitting manual.
=596  \\$a5
=999  \\$aKRL 746.43204109034 LAM$wDEWEY$c1$i00394035$lKRL$mWSA$rN$sY$tREF-ONLY$u5/2/2008$xPRINT

