=LDR  00649cam  2200181   45 0
=008  071212s1847\\\\enk\\\\\\\\\\\000\0\eng\u
=082  14$a746.43204109034
=100  1\$aLambert, $cMiss.
=245  10$aMy knitting book /$cby Miss Lambert.
=260  \\$aLondon :$bJohn Murray,$c1847.
=300  \\$a124 p. ;$c16 cm.
=500  \\$aSecond series.
=590  00$aRutt
=590  00$aManuals
=696  00$aKNITTING - PATTERNS - 19TH CENTURY - TEXTILE DESIGN
=856  40$uhttp://pdf.library.soton.ac.uk/WSA_open_access/00394036.pdf$zAccess to the knitting manual.
=596  \\$a5
=999  \\$aKRL 746.43204109034 LAM$wDEWEY$c1$i00394036$lKRL$mWSA$rN$sY$tREF-ONLY$u5/2/2008$xPRINT

