=LDR  00983cam  2200193   45c0
=008  030602s1845\\\\enk\\\\\\\\\\\000\\\eng\u
=082  04$a746.4304109034
=100  1\$aGaugain,$cMrs.
=245  14$aThe Lady's Assistant for executing useful and fancy designs in knitting, netting, and crochet work :$billustrated by fifteen engravings, showing various stitches in the art of netting /$cby Mrs Gaugain.
=260  \\$aEdinburgh ;$aLondon :$bI. J. Gaugain :$bAckermann & Co.,$c1845
=300  \\$a250 p. :$bill. ;$c11 x 17 cm.
=509  \\$aAlso available as an e-book: full text available when logged into Webcat.
=590  00$aRutt
=590  00$aManuals
=596  \\$a5
=696  00$aKNITTING - PATTERNS - 19TH CENTURY - TEXTILE DESIGN
=696  00$aCROCHET - PATTERNS - 19TH CENTURY - TEXTILE DESIGN
=856  4\$uhttp://pdf.library.soton.ac.uk/WSA_open_access/00394038.pdf$zAccess to the knitting manual.
=999  \\$aKRL 746.4304109034 GAU$wDEWEY$c1$i00394038$lKRL$mWSA$rN$sY$tREF-ONLY$u5/2/2008$xPRINT

