=LDR  00753cam  2200181   45 0
=008  080123s1881\\\\enk\\\\\\\\\\\000\0\eng\u
=082  14$a746.43204109034
=100  1\$aCorbould, Elvina M.
=245  10$aThe lady's knitting-book /$cby E.M.C author of 'The lady's crochet-book.'
=260  \\$aLondon :$bHatchards,$c1881.
=300  \\$a65 p. :$bill. ;$c14 cm.
=509  \\$aAlso available as an e-book: full text available when logged into Webcat.
=590  00$aRutt
=590  00$aManuals
=696  00$aKNITTING - PATTERNS - 19TH CENTURY - TEXTILE DESIGN
=856  4\$uhttp://pdf.library.soton.ac.uk/WSA_open_access/00394041.pdf$zAccess to the knitting manual.
=596  \\$a5
=999  \\$aKRL 746.43204109034 COR$wDEWEY$c1$i00394041$lKRL$mWSA$rN$sY$tREF-ONLY$u5/2/2008$xPRINT

