=LDR  01054cam  2200193   45 0
=008  080401s1886\\\\enk\\\\\\\\\\\000\0\eng\u
=082  14$a746.43204109034
=100  1\$aDorinda,$cpseud.
=245  10$aNeedlework for ladies for pleasure and profit /$cby "Dorinda," containing suggestions how to make needlework remunerative; instructions for all the newest and most fashionable kinds of fancy work; practical directions and recipes for making numerous useful, pretty, and saleable articles, and list of all the established work societies.
=250  \\$a3rd ed.
=260  \\$aLondon :$bSwan Sonnenschein, Lowrey,$c1886.
=300  \\$a172 p. :$bill. ;$c19 cm.
=509  \\$aAlso available as an e-book: full text available when logged into Webcat.
=590  00$aRutt
=590  00$aManuals
=696  00$aKNITTING - PATTERNS - 19TH CENTURY - TEXTILE DESIGN
=856  4\$uhttp://pdf.library.soton.ac.uk/WSA_open_access/00394502.pdf$zAccess to the knitting manual.
=596  \\$a5
=999  \\$aKRL 746.43204109034 DOR$wDEWEY$c1$i00394502$lKRL$mWSA$rN$sY$tREF-ONLY$u1/4/2008$xPRINT

