=LDR  00937cam  2200193   45 0
=008  080401s19uu\\\\enk\\\\\\\\\\\000\0\eng\u
=082  14$a746.4304109034
=100  1\$aGiles, J. W $cMrs.
=245  10$aThe gift netting, knitting and crochet book or knitter's present :$bcontaining receipts for the most novel and elegant designs in raised netting, knitting and crochet /$cby Mrs J. W. Giles.
=260  \\$aLondon :$bJ. W. Giles,$c19??
=300  \\$a[22] p. :$bill. ;$c12 cm.
=509  \\$aAlso available as an e-book: full text available when logged into Webcat.
=590  00$aRutt
=590  00$aManuals
=696  00$aKNITTING - PATTERNS - 19TH CENTURY - TEXTILES DESIGN
=696  00$aNETTING - PATTERNS - 19TH CENTURY - TEXTILE DESIGN
=856  4\$uhttp://pdf.library.soton.ac.uk/WSA_open_access/00394503.pdf$zAccess to the knitting manual.
=596  \\$a5
=999  \\$aKRL 746.4304109034 GIL$wDEWEY$c1$i00394503$lKRL$mWSA$rN$sY$tREF-ONLY$u1/4/2008$xPRINT

