=LDR  00612cam  2200157   45 0
=008  080618s18uu\\\\enk\\\\\\\\\\\000\0\eng\u
=082  14$a746.43204109034
=245  00$aHelping the trawlers.
=260  \\$aLondon :$bRoyal National Mission to Deep Sea Fishermen,$c[18??]
=300  \\$a28 p. :$bill. ;$c14 cm.
=590  00$aRutt
=590  00$aManuals
=696  00$aKNITTING - PATTERNS - 19TH CENTURY - TEXTILE DESIGN
=856  40$uhttp://pdf.library.soton.ac.uk/WSA_open_access/00402914.pdf$zAccess to the knitting manual.
=596  \\$a5
=999  \\$aKRL 746.43204109034 HEL$wDEWEY$c1$i00402914$lKRL$mWSA$rN$sY$tREF-ONLY$u18/6/2008$xPRINT

