=LDR  00675cam  2200169   45 0
=008  080618s1848\\\\enk\\\\\\\\\\\000\0\eng\u
=082  14$a746.43204109034
=100  1\$aRiego de la branchardiere,$cMdlle.
=245  14$aThe knitting book /$cby Mdlle. Riego de la Branchardiere.
=260  \\$aLondon :$bSimpkin Marshall,$c1848.
=300  \\$a55 p. :$bill. ;$c12 x 15 cm.
=590  00$aRutt
=590  00$aManuals
=696  00$aKNITTING - PATTERNS - 19TH CENTURY - TEXTILE DESIGN
=856  40$uhttp://pdf.library.soton.ac.uk/WSA_open_access/00402915.pdf$zAccess to the knitting manual.
=596  \\$a5
=999  \\$aKRL 746.43204109034 RIE$wDEWEY$c1$i00402915$lKRL$mWSA$rN$sY$tREF-ONLY$u18/6/2008$xPRINT

