=LDR  00592cam  2200157   45 0
=008  080618s18uu\\\\enk\\\\\\\\\\\000\0\eng\u
=082  14$a746.43204109034
=245  00$aLadies work for sailors.
=260  \\$aLondon :$bThe Mission to Seamen,$c[18??]
=300  \\$a31 p. :$bill. ;$c12 cm.
=590  00$aRutt
=590  00$aManuals
=696  00$aKNITTING - PATTERNS - 19TH CENTURY - TEXTILE DESIGN
=856  40$uhttp://pdf.library.soton.ac.uk/WSA_open_access/00402916.pdf$zAccess to the knitting manual.
=596  \\$a5
=999  \\$aKRL 746.43204109034 LAD$wDEWEY$c1$i00402916$lKRL$mWSA$rN$sY$tREF-ONLY$u18/6/2008$xPRINT

