=LDR  00758cam  2200169   45 0
=008  080618s1847\\\\enk\\\\\\\\\\\000\0\eng\u
=082  14$a746.43204109034
=245  04$aThe knitters friend :$bcontaining upwards of sixty original receipts in knitting and netting, with illustrations /$cedited by Mrs Hope.
=260  \\$aRamsgate :$bI. Hope,$c[1847]
=300  \\$a95 p. :$bill. ;$c13 cm.
=590  00$aRutt
=590  00$aManuals
=696  00$aKNITTING - PATTERNS - 19TH CENTURY - TEXTILE DESIGN
=696  00$aNETTING - PATTERNS - 19TH CENTURY - TEXTILE DESIGN
=856  40$uhttp://pdf.library.soton.ac.uk/WSA_open_access/00402917.pdf$zAccess to the knitting manual.
=596  \\$a5
=999  \\$aKRL 746.43204109034 KNI$wDEWEY$c1$i00402917$lKRL$mWSA$rN$sY$tREF-ONLY$u18/6/2008$xPRINT

