=LDR  00615cam  2200157   45 0
=008  080618s1847\\\\enk\\\\\\\\\\\000\0\eng\u
=082  14$a746.43204109034
=245  04$aThe floral knitting book :$bor the art of knitting /$cby a Lady.
=260  \\$aLondon :$bGroomsbridge,$c[1847]
=300  \\$a32 p. ;$c13 cm.
=590  00$aRutt
=590  00$aManuals
=696  00$aKNITTING - PATTERNS - 19TH CENTURY - TEXTILE DESIGN
=856  40$uhttp://pdf.library.soton.ac.uk/WSA_open_access/00402918.pdf$zAccess to the knitting manual.
=596  \\$a5
=999  \\$aKRL 746.43204109034 LAD$wDEWEY$c1$i00402918$lKRL$mWSA$rN$sY$tREF-ONLY$u18/6/2008$xPRINT

