=LDR  00961cam  2200205   45c0
=008  030602s1863\\\\enk\\\\\\\\\\\000\\\eng\u
=082  04$a746.4304109034
=100  1\$aGaugain,$cMrs.
=245  14$aThe Lady's Assistant for executing useful and fancy designs in knitting, netting, and crochet work, with illustrated patterns originally composed by the late /$cMrs Gaugain.
=260  \\$aLondon :$bHarrison,$c1863.
=300  \\$a150 p. :$bill. ;$c10 x 17 cm.
=500  \\$ain twelve parts, part II
=509  \\$aAlso available as an e-book: full text available when logged into Webcat.
=590  00$aRutt
=590  00$aManuals
=596  \\$a5
=696  00$aKNITTING - PATTERNS - 19TH CENTURY - TEXTILE DESIGN
=696  00$aCROCHET - PATTERNS - 19TH CENTURY - TEXTILE DESIGN
=856  4\$uhttp://pdf.library.soton.ac.uk/WSA_open_access/00402922.pdf$zAccess to the knitting manual.
=999  \\$aKRL 746.43204109034 GAU$wDEWEY$c1$i00402922$lKRL$mWSA$rN$sY$tREF-ONLY$u18/6/2008$xPRINT

