=LDR  00722cam  2200181   45 0
=008  080618s1847\\\\enk\\\\\\\\\\\000\0\eng\u
=082  14$a746.43204109034
=100  1\$aGaugain,$cMrs.
=245  10$aMrs Gaugain's knit Polka book /$cMrs Gaugain.
=260  \\$aLondon :$bI. J. Gaugain,$c1847.
=300  \\$a32 p. ;$c12 x 15 cm.
=509  \\$aAlso available as an e-book: full text available when logged into Webcat.
=590  00$aRutt
=590  00$aManuals
=696  00$aKNITTING - PATTERNS - 19TH CENTURY - TEXTILE DESIGN
=856  4\$uhttp://pdf.library.soton.ac.uk/WSA_open_access/00402924.pdf$zAccess to the knitting manual.
=596  \\$a5
=999  \\$aKRL 746.43204109034 GAU$wDEWEY$c1$i00402924$lKRL$mWSA$rN$sY$tREF-ONLY$u18/6/2008$xPRINT

