=LDR  00706cam  2200181   45 0
=008  080618s18uu\\\\enk\\\\\\\\\\\000\0\eng\u
=082  14$a746.43204109034
=100  1\$aMee, Cornelia,$cMrs.
=245  10$aFirst series of the knitters companion /$cMrs Mee & Miss Austin.
=260  \\$aLondon :$bVincent, Brooks, Day & Son,$c18??
=300  \\$a43 p. ;$c12 x 16 cm.
=590  00$aRutt
=590  00$aManuals
=696  00$aKNITTING - PATTERNS - 19TH CENTURY - TEXTILE DESIGN
=700  1\$aAustin, Mary,$cMiss.
=856  40$uhttp://pdf.library.soton.ac.uk/WSA_open_access/00402925.pdf$zAccess to the knitting manual.
=596  \\$a5
=999  \\$aKRL 746.43204109034 MEE$wDEWEY$c1$i00402925$lKRL$mWSA$rN$sY$tREF-ONLY$u18/6/2008$xPRINT

