=LDR  00679cam  2200169   45 0
=008  080619s18uu\\\\enk\\\\\\\\\\\000\0\eng\u
=082  14$a746.432042
=100  0\$aMyra.
=245  10$aMyra's knitting lessons no.1 :$bcontaining the rudiments of knitting and various useful patterns for this work /$c[by Myra]
=260  \\$aLondon :$bMyra and Son,$c[18??]
=300  \\$a64 p. :$bill. ;$c17 cm.
=590  00$aRutt
=590  00$aManuals
=696  00$aKNITTING - STITCHES - TEXTILE DESIGN
=856  40$uhttp://pdf.library.soton.ac.uk/WSA_open_access/00402926.pdf$zAccess to the knitting manual.
=596  \\$a5
=999  \\$aKRL 746.432042 MYR$wDEWEY$c1$i00402926$lKRL$mWSA$rN$sY$tREF-ONLY$u19/6/2008$xPRINT

