=LDR  00662cam  2200169   45 0
=008  080619s1879\\\\enk\\\\\\\\\\\000\0\eng\u
=082  14$a746.432
=100  0\$aA lady manager.
=245  14$aThe standard guide to knitting :$baccording to the new code /$cby A lady manager.
=260  \\$aLondon :$bEdward Stanford,$c[1879].
=300  \\$a48 p. :$bill. ;$c18 cm.
=590  00$aRutt
=590  00$aManuals
=696  00$aKNITTING - TECHNIQUES - 19TH CENTURY - TEXTILE DESIGN
=856  40$uhttp://pdf.library.soton.ac.uk/WSA_open_access/00402427.pdf$zAccess to the knitting manual.
=596  \\$a5
=999  \\$aKRL 746.432 LAD$wDEWEY$c1$i00402927$lKRL$mWSA$rN$sY$tREF-ONLY$u19/6/2008$xPRINT

