=LDR  00663cam  2200169   45 0
=008  080205s1883\\\\xxu\\\\\\\\\\\000\0\eng\u
=082  14$a746.43204109034 NON
=110  2\$aNonotuck Silk Company.
=245  10$aHow to use Florence knitting silk /$cNonotuck Silk Company.
=260  \\$aBoston :$bWright & Potter,$c1883.
=300  \\$a60 p. :$bill. ;$c19 cm.
=590  00$aRutt
=590  00$aManuals
=696  00$aKNITTING - PATTERNS - 19TH CENTURY - TEXTILE DESIGN
=856  40$uhttp://pdf.library.soton.ac.uk/WSA_open_access/00402931.pdf$zAccess to the knitting manual.
=596  \\$a5
=999  \\$aKRL 746.43201409034 NON$wDEWEY$c1$i00402931$lKRL$mWSA$rN$sY$tREF-ONLY$u23/6/2008$xPRINT

