=LDR  00775cam  2200181   45 0
=008  080623s1848\\\\enk\\\\\\\\\\\000\0\eng\u
=082  14$a746.4304109034
=100  1\$aRigolette de la Hamelin,$cMdlle.
=245  14$aThe royal magazine of knitting, netting, crochet and fancy needlework /$cconducted by Mdlle. Rigolette de la Hamelin.
=260  \\$aLondon :$bSherwood,$c1848.
=300  \\$a12 p. :$bill. ;$c18 cm.
=500  \\$amonthly magazine, no. 5, December 1849.
=590  00$aRutt
=590  00$aManuals
=696  00$aKNITTING - PATTERNS - 19TH CENTURY - TEXTILE DESIGN
=856  40$uhttp://pdf.library.soton.ac.uk/WSA_open_access/00402935.pdf$zAccess to the knitting manual.
=596  \\$a5
=999  \\$aKRL 746.43204109034 RIG$wDEWEY$c1$i00402935$lKRL$mWSA$rN$sY$tREF-ONLY$u23/6/2008$xPRINT

