=LDR  00810cam  2200181   45 0
=008  080623s1871\\\\xxu\\\\\\\\\\\000\0\eng\u
=082  14$a746.43204109034
=100  1\$aCupples, Mrs Geo.
=245  12$aA knitting-book of counterpanes :$btoilet-covers, pincushions and other articles of fancy work /$cby Mrs George Cupples.
=260  \\$aEdinburgh :$bJohnstone, Hunter,$c1871.
=300  \\$a32 p. :$bill. ;$c17 cm.
=509  \\$aAlso available as an e-book: full text available when logged into Webcat.
=590  00$aRutt
=590  00$aManuals
=696  00$aKNITTING - PATTERNS - 19TH CENTURY - TEXTILE DESIGN
=856  4\$uhttp://pdf.library.soton.ac.uk/WSA_open_access/00402936.pdf$zAccess to the knitting manual.
=596  \\$a5
=999  \\$aKRL 746.43204109034 CUP$wDEWEY$c1$i00402936$lKRL$mWSA$rN$sY$tREF-ONLY$u23/6/2008$xPRINT

