=LDR  00777ckm  2200181   4500
=008  071213s187u\\\\enk\\\\\\\\\\\000\0\eng\u
=082  14$a746.43204109034
=100  1\$aRyder, E.$cMiss.
=245  10$aHow to knit socks :$bfull and simple directions by which persons may teach themselves /$cby Miss E. Ryder.
=260  \\$aRichmond [Yorkshire] :$bHenry Hurworth,$c[187?]
=300  \\$a[sleeve containing 2 cards] ;$c16 cm.
=500  \\$aCover title.
=590  00$aRutt
=590  00$aManuals
=696  00$aKNITTING - PATTERNS - SOCKS - STOCKINGS - 19TH CENTURY - TEXTILE DESIGN
=856  40$uhttp://pdf.library.soton.ac.uk/WSA_open_access/00402937.pdf$zAccess to the knitting manual.
=596  \\$a5
=999  \\$aKRL 746.43204109034 RYD$wDEWEY$c1$i00402937$lKRL$mWSA$rN$sY$tREF-ONLY$u23/6/2008$xPRINT

