=LDR  00675cam  2200169   45 0
=008  080623s19uu\\\\enk\\\\\\\\\\\000\0\eng\u
=082  14$a746.43204109041
=100  1\$aLoch,$cMiss.
=245  10$aThe second book of "Hows" :$bor what may be done with wools in every home /$cedited by Miss Loch.
=260  \\$aHalifax :$bBaldwin & Walker,$c[190?]
=300  \\$a63 p. :$bill. ;$c22 cm.
=590  00$aRutt
=590  00$aManuals
=696  00$aKNITTING - PATTERNS - TEXTILE DESIGN
=856  40$uhttp://pdf.library.soton.ac.uk/WSA_open_access/00402941.pdf$zAccess to the knitting manual.
=596  \\$a5
=999  \\$aKRL 746.43204109041 LOC$wDEWEY$c1$i00402941$lKRL$mWSA$rN$sY$tREF-ONLY$u23/6/2008$xPRINT

