=LDR  00780cam  2200193   45 0
=008  080623s185u\\\\enk\\\\\\\\\\\000\0\eng\u
=082  14$a746.43201409034
=100  1\$aW. Carter.
=245  14$aThe royal exhibition knitting, netting and crochet book /$cW. Carter.
=260  \\$aLondon :$bJ. T. Wood,$c185?
=300  \\$a[various pagings] :$bill. ;$c13 cm.
=500  \\$abook no. 3
=509  \\$aAlso available as an e-book: full text available when logged into Webcat.
=590  00$aRutt
=590  00$aManuals
=696  00$aKNITTING - PATTERNS - 19TH CENTURY - TEXTILE DESIGN
=856  4\$uhttp://pdf.library.soton.ac.uk/WSA_open_access/00402943.pdf$zAccess to the knitting manual.
=596  \\$a5
=999  \\$aKRL 746.43204109034 CAR$wDEWEY$c1$i00402943$lKRL$mWSA$rN$sY$tREF-ONLY$u23/6/2008$xPRINT

