=LDR  00728cam  2200157   45c0
=008  030226s1869\\\\enk\\\\\\\\\\\000\\\eng\u
=082  04$a746.22404109034
=100  1\$aBlanchardiere, Riego de la.
=245  14$aThe point lace sampler :$bcontaining complete instructions for the stitches, with original registered designs /$cMlle. Riego de la Branchardiere.
=260  \\$aLondon :$bSimpkin, Marshall, and Co.,$c1869.
=300  \\$a[14 p.] :$bill.
=590  00$aManuals
=856  40$uhttp://pdf.library.soton.ac.uk/WSA_open_access/00203647.pdf$zAccess to the knitting manual.
=596  \\$a5
=696  00$aLACE - PATTERNS - 19TH CENTURY - TEXTILE DESIGN
=999  \\$aKRL 746.22404109034 BRA$wDEWEY$c1$i00203647$lKRL$mWSA$rN$sY$tREF-ONLY$u26/2/2003$xPRINT

