=LDR  00966cam  2200193   45c0
=008  030602s1842\\\\enk\\\\\\\\\\\000\\\eng\u
=082  04$a746.43204109034
=100  1\$aGaugain, Jane.
=245  14$aThe Lady's Assistant for executing useful and fancy designs in knitting, netting, and crochet work :$billustrated by fifteen engravings, showing various stitches in the art of netting /$cMrs Gaugain.
=250  \\$a3rd ed.
=260  \\$aEdinburgh ;$aLondon :$bI. J. Gaugain :$bAckermann & Co.,$c1842.
=300  \\$a255 p. :$bill. ;$c12 cm.
=590  00$aManuals
=596  \\$a5
=696  00$aKNITTING - PATTERNS - 19TH CENTURY - TEXTILE DESIGN
=696  00$aCROCHET - PATTERNS - 19TH CENTURY - TEXTILE DESIGN
=696  00$aNETTING - PATTERNS - 19TH CENTURY - TEXTILE DESIGN
=856  40$uhttp://pdf.library.soton.ac.uk/WSA_open_access/00228493.pdf$zAccess to the knitting manual.
=999  \\$aKRL 746.43204109034 GAU$wDEWEY$c1$i00228493$lKRL$mWSA$p{pound}85.00$rN$sY$tREF-ONLY$u2/6/2003$xPRINT

